@article{Wu2023ZeroQuant-FP:Formats,
    title = {{ZeroQuant-FP: A Leap Forward in LLMs Post-Training W4A8 Quantization Using Floating-Point Formats}},
    year = {2023},
    author = {Wu, Xiaoxia and Yao, Zhewei and He, Yuxiong},
    month = {7},
    url = {http://arxiv.org/abs/2307.09782},
    arxivId = {2307.09782}
}